%YAML 1.1
%TAG !u! tag:unity3d.com,2011:
--- !u!1 &4940772408239759796
GameObject:
  m_ObjectHideFlags: 0
  m_CorrespondingSourceObject: {fileID: 0}
  m_PrefabInstance: {fileID: 0}
  m_PrefabAsset: {fileID: 0}
  serializedVersion: 6
  m_Component:
  - component: {fileID: 4940772408239759790}
  - component: {fileID: 4940772408239759791}
  - component: {fileID: 4940772408239759792}
  - component: {fileID: 4940772408239759793}
  - component: {fileID: 4940772408239759794}
  - component: {fileID: 4940772408239759795}
  m_Layer: 0
  m_Name: ObstaclePattern9
  m_TagString: Untagged
  m_Icon: {fileID: 0}
  m_NavMeshLayer: 0
  m_StaticEditorFlags: 0
  m_IsActive: 1
--- !u!4 &4940772408239759790
Transform:
  m_ObjectHideFlags: 0
  m_CorrespondingSourceObject: {fileID: 0}
  m_PrefabInstance: {fileID: 0}
  m_PrefabAsset: {fileID: 0}
  m_GameObject: {fileID: 4940772408239759796}
  m_LocalRotation: {x: 0, y: 0, z: 0, w: 1}
  m_LocalPosition: {x: 0, y: -0, z: 0}
  m_LocalScale: {x: 2, y: 1, z: 1}
  m_Children:
  - {fileID: 143574678860137184}
  - {fileID: 3471231152152109852}
  - {fileID: 4508957310614050336}
  m_Father: {fileID: 0}
  m_RootOrder: 0
  m_LocalEulerAnglesHint: {x: 0, y: 0, z: 0}
--- !u!33 &4940772408239759791
MeshFilter:
  m_ObjectHideFlags: 0
  m_CorrespondingSourceObject: {fileID: 0}
  m_PrefabInstance: {fileID: 0}
  m_PrefabAsset: {fileID: 0}
  m_GameObject: {fileID: 4940772408239759796}
  m_Mesh: {fileID: 10209, guid: 0000000000000000e000000000000000, type: 0}
--- !u!23 &4940772408239759792
MeshRenderer:
  m_ObjectHideFlags: 0
  m_CorrespondingSourceObject: {fileID: 0}
  m_PrefabInstance: {fileID: 0}
  m_PrefabAsset: {fileID: 0}
  m_GameObject: {fileID: 4940772408239759796}
  m_Enabled: 1
  m_CastShadows: 1
  m_ReceiveShadows: 1
  m_DynamicOccludee: 1
  m_MotionVectors: 1
  m_LightProbeUsage: 1
  m_ReflectionProbeUsage: 1
  m_RayTracingMode: 2
  m_RenderingLayerMask: 1
  m_RendererPriority: 0
  m_Materials:
  - {fileID: 2100000, guid: 4da7c2e9f5e829c4fb620be4751a2106, type: 2}
  m_StaticBatchInfo:
    firstSubMesh: 0
    subMeshCount: 0
  m_StaticBatchRoot: {fileID: 0}
  m_ProbeAnchor: {fileID: 0}
  m_LightProbeVolumeOverride: {fileID: 0}
  m_ScaleInLightmap: 1
  m_ReceiveGI: 1
  m_PreserveUVs: 0
  m_IgnoreNormalsForChartDetection: 0
  m_ImportantGI: 0
  m_StitchLightmapSeams: 1
  m_SelectedEditorRenderState: 3
  m_MinimumChartSize: 4
  m_AutoUVMaxDistance: 0.5
  m_AutoUVMaxAngle: 89
  m_LightmapParameters: {fileID: 0}
  m_SortingLayerID: 0
  m_SortingLayer: 0
  m_SortingOrder: 0
--- !u!64 &4940772408239759793
MeshCollider:
  m_ObjectHideFlags: 0
  m_CorrespondingSourceObject: {fileID: 0}
  m_PrefabInstance: {fileID: 0}
  m_PrefabAsset: {fileID: 0}
  m_GameObject: {fileID: 4940772408239759796}
  m_Material: {fileID: 0}
  m_IsTrigger: 0
  m_Enabled: 1
  serializedVersion: 4
  m_Convex: 0
  m_CookingOptions: 30
  m_Mesh: {fileID: 10209, guid: 0000000000000000e000000000000000, type: 0}
--- !u!65 &4940772408239759794
BoxCollider:
  m_ObjectHideFlags: 0
  m_CorrespondingSourceObject: {fileID: 0}
  m_PrefabInstance: {fileID: 0}
  m_PrefabAsset: {fileID: 0}
  m_GameObject: {fileID: 4940772408239759796}
  m_Material: {fileID: 0}
  m_IsTrigger: 1
  m_Enabled: 1
  serializedVersion: 2
  m_Size: {x: 10, y: 10, z: 0.1}
  m_Center: {x: 0, y: 5, z: 10}
--- !u!114 &4940772408239759795
MonoBehaviour:
  m_ObjectHideFlags: 0
  m_CorrespondingSourceObject: {fileID: 0}
  m_PrefabInstance: {fileID: 0}
  m_PrefabAsset: {fileID: 0}
  m_GameObject: {fileID: 4940772408239759796}
  m_Enabled: 1
  m_EditorHideFlags: 0
  m_Script: {fileID: 11500000, guid: d25d1eb829300284189af3a9b1b8faeb, type: 3}
  m_Name: 
  m_EditorClassIdentifier: 
--- !u!1001 &1005025132499212522
PrefabInstance:
  m_ObjectHideFlags: 0
  serializedVersion: 2
  m_Modification:
    m_TransformParent: {fileID: 4940772408239759790}
    m_Modifications:
    - target: {fileID: 3933062990215979340, guid: dd025630b87c0d6449c135115b751a0a,
        type: 3}
      propertyPath: m_Name
      value: 18764_Common_N_Atlantic_Starfish_v1
      objectReference: {fileID: 0}
    - target: {fileID: 4458241882509507574, guid: dd025630b87c0d6449c135115b751a0a,
        type: 3}
      propertyPath: m_LocalPosition.x
      value: 0
      objectReference: {fileID: 0}
    - target: {fileID: 4458241882509507574, guid: dd025630b87c0d6449c135115b751a0a,
        type: 3}
      propertyPath: m_LocalPosition.y
      value: 1.32
      objectReference: {fileID: 0}
    - target: {fileID: 4458241882509507574, guid: dd025630b87c0d6449c135115b751a0a,
        type: 3}
      propertyPath: m_LocalPosition.z
      value: -0.5173159
      objectReference: {fileID: 0}
    - target: {fileID: 4458241882509507574, guid: dd025630b87c0d6449c135115b751a0a,
        type: 3}
      propertyPath: m_LocalRotation.x
      value: -0.7071068
      objectReference: {fileID: 0}
    - target: {fileID: 4458241882509507574, guid: dd025630b87c0d6449c135115b751a0a,
        type: 3}
      propertyPath: m_LocalRotation.y
      value: -0
      objectReference: {fileID: 0}
    - target: {fileID: 4458241882509507574, guid: dd025630b87c0d6449c135115b751a0a,
        type: 3}
      propertyPath: m_LocalRotation.z
      value: -0
      objectReference: {fileID: 0}
    - target: {fileID: 4458241882509507574, guid: dd025630b87c0d6449c135115b751a0a,
        type: 3}
      propertyPath: m_LocalRotation.w
      value: 0.7071068
      objectReference: {fileID: 0}
    - target: {fileID: 4458241882509507574, guid: dd025630b87c0d6449c135115b751a0a,
        type: 3}
      propertyPath: m_RootOrder
      value: 1
      objectReference: {fileID: 0}
    - target: {fileID: 4458241882509507574, guid: dd025630b87c0d6449c135115b751a0a,
        type: 3}
      propertyPath: m_LocalEulerAnglesHint.x
      value: -90
      objectReference: {fileID: 0}
    - target: {fileID: 4458241882509507574, guid: dd025630b87c0d6449c135115b751a0a,
        type: 3}
      propertyPath: m_LocalEulerAnglesHint.y
      value: 0
      objectReference: {fileID: 0}
    - target: {fileID: 4458241882509507574, guid: dd025630b87c0d6449c135115b751a0a,
        type: 3}
      propertyPath: m_LocalEulerAnglesHint.z
      value: 0
      objectReference: {fileID: 0}
    - target: {fileID: 4458241882509507574, guid: dd025630b87c0d6449c135115b751a0a,
        type: 3}
      propertyPath: m_LocalScale.x
      value: 0.125
      objectReference: {fileID: 0}
    m_RemovedComponents: []
  m_SourcePrefab: {fileID: 100100000, guid: dd025630b87c0d6449c135115b751a0a, type: 3}
--- !u!4 &3471231152152109852 stripped
Transform:
  m_CorrespondingSourceObject: {fileID: 4458241882509507574, guid: dd025630b87c0d6449c135115b751a0a,
    type: 3}
  m_PrefabInstance: {fileID: 1005025132499212522}
  m_PrefabAsset: {fileID: 0}
--- !u!1001 &3309924276131180228
PrefabInstance:
  m_ObjectHideFlags: 0
  serializedVersion: 2
  m_Modification:
    m_TransformParent: {fileID: 4940772408239759790}
    m_Modifications:
    - target: {fileID: 1404065763701078244, guid: 0e1af1a8943a11d4a8cc145c56133d4d,
        type: 3}
      propertyPath: m_LocalPosition.x
      value: 0
      objectReference: {fileID: 0}
    - target: {fileID: 1404065763701078244, guid: 0e1af1a8943a11d4a8cc145c56133d4d,
        type: 3}
      propertyPath: m_LocalPosition.y
      value: 1.58
      objectReference: {fileID: 0}
    - target: {fileID: 1404065763701078244, guid: 0e1af1a8943a11d4a8cc145c56133d4d,
        type: 3}
      propertyPath: m_LocalPosition.z
      value: -4.535662
      objectReference: {fileID: 0}
    - target: {fileID: 1404065763701078244, guid: 0e1af1a8943a11d4a8cc145c56133d4d,
        type: 3}
      propertyPath: m_LocalRotation.x
      value: -0
      objectReference: {fileID: 0}
    - target: {fileID: 1404065763701078244, guid: 0e1af1a8943a11d4a8cc145c56133d4d,
        type: 3}
      propertyPath: m_LocalRotation.y
      value: -0
      objectReference: {fileID: 0}
    - target: {fileID: 1404065763701078244, guid: 0e1af1a8943a11d4a8cc145c56133d4d,
        type: 3}
      propertyPath: m_LocalRotation.z
      value: -0
      objectReference: {fileID: 0}
    - target: {fileID: 1404065763701078244, guid: 0e1af1a8943a11d4a8cc145c56133d4d,
        type: 3}
      propertyPath: m_LocalRotation.w
      value: 1
      objectReference: {fileID: 0}
    - target: {fileID: 1404065763701078244, guid: 0e1af1a8943a11d4a8cc145c56133d4d,
        type: 3}
      propertyPath: m_RootOrder
      value: 2
      objectReference: {fileID: 0}
    - target: {fileID: 1404065763701078244, guid: 0e1af1a8943a11d4a8cc145c56133d4d,
        type: 3}
      propertyPath: m_LocalEulerAnglesHint.x
      value: 0
      objectReference: {fileID: 0}
    - target: {fileID: 1404065763701078244, guid: 0e1af1a8943a11d4a8cc145c56133d4d,
        type: 3}
      propertyPath: m_LocalEulerAnglesHint.y
      value: 0
      objectReference: {fileID: 0}
    - target: {fileID: 1404065763701078244, guid: 0e1af1a8943a11d4a8cc145c56133d4d,
        type: 3}
      propertyPath: m_LocalEulerAnglesHint.z
      value: 0
      objectReference: {fileID: 0}
    - target: {fileID: 1404065763701078244, guid: 0e1af1a8943a11d4a8cc145c56133d4d,
        type: 3}
      propertyPath: m_LocalScale.x
      value: 0.25
      objectReference: {fileID: 0}
    - target: {fileID: 1745126111899083358, guid: 0e1af1a8943a11d4a8cc145c56133d4d,
        type: 3}
      propertyPath: m_Name
      value: 18445_Junonia_Shell_v1
      objectReference: {fileID: 0}
    m_RemovedComponents: []
  m_SourcePrefab: {fileID: 100100000, guid: 0e1af1a8943a11d4a8cc145c56133d4d, type: 3}
--- !u!4 &4508957310614050336 stripped
Transform:
  m_CorrespondingSourceObject: {fileID: 1404065763701078244, guid: 0e1af1a8943a11d4a8cc145c56133d4d,
    type: 3}
  m_PrefabInstance: {fileID: 3309924276131180228}
  m_PrefabAsset: {fileID: 0}
--- !u!1001 &4905170997994777124
PrefabInstance:
  m_ObjectHideFlags: 0
  serializedVersion: 2
  m_Modification:
    m_TransformParent: {fileID: 4940772408239759790}
    m_Modifications:
    - target: {fileID: 5038612503604881604, guid: 368fc62ee01a0a340993188981e76f52,
        type: 3}
      propertyPath: m_LocalPosition.x
      value: 0
      objectReference: {fileID: 0}
    - target: {fileID: 5038612503604881604, guid: 368fc62ee01a0a340993188981e76f52,
        type: 3}
      propertyPath: m_LocalPosition.y
      value: 1.254125
      objectReference: {fileID: 0}
    - target: {fileID: 5038612503604881604, guid: 368fc62ee01a0a340993188981e76f52,
        type: 3}
      propertyPath: m_LocalPosition.z
      value: 1.2
      objectReference: {fileID: 0}
    - target: {fileID: 5038612503604881604, guid: 368fc62ee01a0a340993188981e76f52,
        type: 3}
      propertyPath: m_LocalRotation.x
      value: -0
      objectReference: {fileID: 0}
    - target: {fileID: 5038612503604881604, guid: 368fc62ee01a0a340993188981e76f52,
        type: 3}
      propertyPath: m_LocalRotation.y
      value: -0
      objectReference: {fileID: 0}
    - target: {fileID: 5038612503604881604, guid: 368fc62ee01a0a340993188981e76f52,
        type: 3}
      propertyPath: m_LocalRotation.z
      value: -0
      objectReference: {fileID: 0}
    - target: {fileID: 5038612503604881604, guid: 368fc62ee01a0a340993188981e76f52,
        type: 3}
      propertyPath: m_LocalRotation.w
      value: 1
      objectReference: {fileID: 0}
    - target: {fileID: 5038612503604881604, guid: 368fc62ee01a0a340993188981e76f52,
        type: 3}
      propertyPath: m_RootOrder
      value: 0
      objectReference: {fileID: 0}
    - target: {fileID: 5038612503604881604, guid: 368fc62ee01a0a340993188981e76f52,
        type: 3}
      propertyPath: m_LocalEulerAnglesHint.x
      value: 0
      objectReference: {fileID: 0}
    - target: {fileID: 5038612503604881604, guid: 368fc62ee01a0a340993188981e76f52,
        type: 3}
      propertyPath: m_LocalEulerAnglesHint.y
      value: 0
      objectReference: {fileID: 0}
    - target: {fileID: 5038612503604881604, guid: 368fc62ee01a0a340993188981e76f52,
        type: 3}
      propertyPath: m_LocalEulerAnglesHint.z
      value: 0
      objectReference: {fileID: 0}
    - target: {fileID: 5038612503604881604, guid: 368fc62ee01a0a340993188981e76f52,
        type: 3}
      propertyPath: m_LocalScale.x
      value: 0.125
      objectReference: {fileID: 0}
    - target: {fileID: 5667621581464384126, guid: 368fc62ee01a0a340993188981e76f52,
        type: 3}
      propertyPath: m_Name
      value: 18766_Purple_spined_sea_urchin_v1_NEW
      objectReference: {fileID: 0}
    m_RemovedComponents: []
  m_SourcePrefab: {fileID: 100100000, guid: 368fc62ee01a0a340993188981e76f52, type: 3}
--- !u!4 &143574678860137184 stripped
Transform:
  m_CorrespondingSourceObject: {fileID: 5038612503604881604, guid: 368fc62ee01a0a340993188981e76f52,
    type: 3}
  m_PrefabInstance: {fileID: 4905170997994777124}
  m_PrefabAsset: {fileID: 0}
